@article{foobar,
        Author = {Max Meier},
        Journal = {Journal of unrepeatable experiments},
        Title = {What {I} did last summer},
        Volume = {17},
        Number = {32},
        Pages = {78-95},
        Year = {1997}}

@article{Bush:1945lc,
	Author = {Bush, Vannevar},
	Journal = {Atlantic Monthly},
	Month = {July},
	Pages = {101-108},
	Title = {{As We May Think}},
	Volume = {176},
	Year = {1945}}

@article{Ferguson:1960fk,
	Author = {Ferguson, David A.},
	Journal = cacm,
	Month = dec,
	Number = {12},
	Pages = {648},
	Title = {Fibonaccian Searching},
	Volume = {3},
	Year = {1960}}

@article{Kahan:1965uq,
	Author = {Kahan, William},
	Journal = cacm,
	Month = jan,
	Number = {1},
	Pages = {40},
	Title = {Pracniques: further remarks on reducing truncation errors},
	Volume = {8},
	Year = {1965}}

@article{Rauch:1965nx,
	Author = {Rauch, H. E. and Tung, F. and Striebel, C. T.},
	Journal = {AIAA Journal},
	Month = aug,
	Number = {8},
	Pages = {1445-1450},
	Title = {Maximum Likelihood Estimates of Linear Dynamic Systems},
	Volume = {3},
	Year = {1965}}

@article{Fleiss:1969ys,
	Author = {Joseph L. Fleiss and Jacob Cohen and B. S. Everitt},
	Journal = {Psychological Bulletin},
	Number = {5},
	Pages = {323-327},
	Title = {Large sample standard errors of Kappa and Weighted Kappa},
	Volume = {72},
	Year = {1969}}
