@article{Wobbrock2007,
		author = {O. Wobbrock and A. D. Wilson and Y. Li},
		journal = {Proceedings of the 20th Annual ACM Synopsium on User Interface Software and Technology},
		year = {2007},
		title = {Gestures without libraries, toolkits or training: A \$1 recognizer for user interface prototypes},
		}
@article{Caramiaux2014,
		author = {Baptiste Caramiaux and Nicola Montecchio and Atau Tanaka and Frédéric Bevilacqua},
		title = {Adaptive Gesture Recognition with Variation Estimation for Interactive Systems},
		journal = {ACM Transactions on Interactive Intelligent Systems},
		number = {4},
		year = {2014},
		month = {Dezember},
		}
@article{Rubine1991,
	author ={D.Rubine},
	year= {1991}, 
	title = {Specifying gestures by example}, 
	journal ={ Proceedings of the 18th Annual Conference on Computer Graphics and Interactive Techniques},} 
@article{Gawrila1995,
	 author ={D.M.Gavrila and L.S.Davis }, 
	 year ={1995}, 
	 title ={Towards 3-D model-based tracking and recognition of human movement: A multi-view approach}, 
	 journal = {Proceedings of the International Workshop on Automatic Face and Gesture recognition},
	 }  
@article{Liu2009,
	author = {J. Liu and L. Zhong and J. Wickramasuriya and V. Vasudevan},
	year = {2009}, 
	title = {Uwave: Accelerometer-based personalized gesture recognition and its applications},
	journal =  {Pervasive and Mobile Computing 5},
	}
@article{Merrill2006,
		author = {D. Merrill and J. A. Paradiso},
		year = {2006},
		title = { Personalization, expressivity, and learnability of an implicit mapping strategy for physical interfaces.},
		journal = {Proceedings of the CHI Conference on Human Factors in Computing Systems, Extended Abstracts},
		}
@article{Heloir2006, 
		author = {A.Heloir and N.Courty and S.Gibet and F.Multon}, 
		year = {2006},
		title = {Temporal alignment of communicative gesture sequences.}, 
		journal = {Computer Animation and Virtual Worlds 17},
		}
@article{Forbes2005,
		author = {K. Forbes and E. Fiume}
		year = {2005},
		title = {An efﬁcient search algorithm for motion data using weighted PCA},
		journal = {Proceedings of the 2005 ACM SIGGRAPH/Eurographics Symposium on Computer Animation},
	}
@article{Rabiner1989,
		author = {L. R. Rabiner},
		title = { A tutorial on hidden Markov models and selected applications in speech recognition},
		year = {1989},
		journal = {Proceedings of the IEEE},
	}
@article{Wilson1999,
		author = {A. D. Wilson and A. F. Bobick},
		year = {1999},
		title = {Parametric hidden Markov models for gesture recognition},
		journal = {IEEE Transactions on Pattern Analysis and Machine Intelligence 21},
	}
@article{ BlackandJepson1998a, 
	author = {M.Black and A.Jepson}, 
	year = {1998}, 
	title = {A probabilistic framework formatching tempora ltrajectories:Condensation based recognition of gestures and expressions},
	journal = {Proceedings of the European Conference on Computer Vision (ECCV’98)}}
@article{IsardandBlake1998, 
	author = {M.Isard and A.Blake},
	year = {1998},
	title = {Condensation conditional density propagation for visual tracking},
	journal = {International Journal of Computer Vision 29}
	}