@article{Wobbrock2007,
		author = {O. Wobbrock and A. D. Wilson and Y. Li},
		journal = {Proceedings of the 20th Annual ACM Synopsium on User Interface Software and Technology},
		year = {2007},
		title = {Gestures without libraries, toolkits or training: A \$1 recognizer for user interface prototypes},
		}